@misc{ihme2024gbd2021,
  author       = {{Institute for Health Metrics and Evaluation (IHME)}},
  title        = {Global Burden of Disease 2021: Findings from the GBD 2021 Study},
  year         = {2024},
  publisher    = {IHME},
  address      = {Seattle, WA},
  url          = {https://www.healthdata.org/research-analysis/library/global-burden-disease-2021-findings-gbd-2021-study},
  note         = {Accessed: 2025-05-12}
}


@manual{IHME2024Overview,
	title        = {GBD 2021 Data and Tools Overview},
	author       = {{Institute for Health Metrics and Evaluation (IHME)}},
	organization = {Institute for Health Metrics and Evaluation},
	address      = {Seattle, WA},
	year         = {2024},
	month        = {May},
	note         = {Updated May 2024},
	url          = {http://www.healthdata.org/gbd},
}


@book{andersen2008modern,
	title={{Modern methods for robust regression}},
	author={Andersen, Robert},
	number={152},
	year={2008},
	publisher={Sage}
}

@misc{rousseeuw2019robust,
  author       = {Rousseeuw, Peter J.},
  title        = {{Robust Statistics, Part 1: Introduction and Univariate Data}},
  howpublished = {Lecture notes, LARS--IASC School},
  month        = may,
  year         = {2019},
  note         = {Slides}
}

@book{hampel1986influence,
  author    = {Hampel, Frank R. and Ronchetti, Elvezio M. and Rousseeuw, Peter J. and Stahel, Werner A.},
  title     = {{Robust Statistics: The Approach Based on Influence Functions}},
  series    = {Wiley Series in Probability and Mathematical Statistics},
  publisher = {John Wiley \& Sons},
  address   = {New York},
  year      = {1986}
}

@book{rousseeuw1987robust,
  author    = {Rousseeuw, Peter J. and Leroy, Annick},
  title     = {{Robust Regression and Outlier Detection}},
  series    = {Wiley Series in Probability and Mathematical Statistics},
  publisher = {John Wiley \& Sons},
  address   = {New York},
  year      = {1987}
}

@book{maronna2006robust,
  author    = {Maronna, Ricardo A. and Martin, Richard D. and Yohai, VÃ­ctor J.},
  title     = {{Robust Statistics: Theory and Methods}},
  series    = {Wiley Series in Probability and Statistics},
  publisher = {John Wiley \& Sons},
  address   = {Chichester},
  year      = {2006}
}

@article{hubert2008high,
  author  = {Hubert, Mia and Rousseeuw, Peter J. and Van Aelst, Stefan},
  title   = {{High-Breakdown Robust Multivariate Methods}},
  journal = {Statistical Science},
  volume  = {23},
  pages   = {92--119},
  year    = {2008}
}

